
@book{demtroeder2008,
	edition = {5., neu bearb. u. aktualisierte Aufl.},
	title = {Experimentalphysik 1: Mechanik und W\"{a}rme},
	isbn = {3540792945},
	shorttitle = {Experimentalphysik 1},
	publisher = {Springer},
	author = {Demtr\"{o}der, Wolfgang},
	month = sep,
	year = {2008}
},

@book{rapaport2004,
	edition = {2},
	title = {The Art of Molecular Dynamics Simulation},
	isbn = {0521825687},
	publisher = {Cambridge University Press},
	author = {Rapaport, D. C.},
	month = apr,
	year = {2004}
},

@book{schroeder-turk2012,
	title = {\"{U}bungsblatt 1 {\textendash} {Molekular-Dynamik} von weichen Teilchen {(Computerphysik} {II)}},
	publisher = {Friedrich Alexander Universit\"{a}t {Erlangen-N\"{u}rnberg}},
	author = {{Schr\"{o}der-Turk}, Gerd and Hoffmann, Matthias},
	year = {2012}
}